%%%%%%%%%%%%%%%%%%%%%%%%%%%%%%%%%%%%%%%%%%%%%%%%%%%%%%%%%%%%%%%%%%%%%
% General References
%%%%%%%%%%%%%%%%%%%%%%%%%%%%%%%%%%%%%%%%%%%%%%%%%%%%%%%%%%%%%%%%%%%%%

@article{afm,
AUTHOR={M.J. Ablowitz and A.S. Fokas and Z.H. Musslimani},
TITLE={On a new non-local formulation of water waves},
JOURNAL={J. Fluid Mech.},
VOLUME={562},
PAGES={313--343},
YEAR=2006
}

@article{alam,
	AUTHOR={M.R. Alam},
	TITLE={Nonlinear Analysis of an actuated seafloor-mounted carpet for a high-performance wave energy extraction},
	JOURNAL={Proc. Roy. Soc. A},
	VOLUME={468},
	PAGES={3153--3171},
	YEAR=2012
	}

@article{ashton,
	AUTHOR={A.C. Ashton and A. S. Fokas},
	TITLE={A Nonlocal Formulation of  Rotational Water Waves},
	JOURNAL={J. Fluid Mech.},
	VOLUME={689},
	PAGES={129--148},
	YEAR=2011
	}

@article{baker,
AUTHOR={G. R. Baker and D. I. Meiron anbd S.A. Orszag},
TITLE={Generalized vortex methods for free-surface flow problems},
JOURNAL={J. Fluid. Mech.},
VOLUME={123,},
PAGES={477--501},
YEAR=1982
}

@article{craig,
AUTHOR={W. Craig and C. Sulem},
TITLE={Numerical Simulation of Gravity Waves},
JOURNAL={J. Comput. Phys.},
VOLUME={108},
PAGES={73--83},
YEAR=1993
}

	@article{craig2,
	AUTHOR={W. Craig and P. Guyenne and H. Kalisch},
	TITLE={Hamiltonian long-wave expansions for free surfaces and interfaces},
	JOURNAL={Comm. Pure Appl. Math.},
	VOLUME={58},
	PAGES={1587--1641},
	YEAR=2005
	}

	@article{craig3,
	AUTHOR={W. Craig and P. Guyenne and D. Nicholls and C. Sulem},
	TITLE={Hamiltonian long-wave expansions for water waves over a rough bottom},
	JOURNAL={Proc. R. Soc. A},
	VOLUME={461},
	PAGES={839--873},
	YEAR=2005
	}

	@article{craig4,
	AUTHOR={W. Craig and P. Guyenne and C. Sulem},
	TITLE={Water waves over a random bottom},
	JOURNAL={J. Fluid Mech.},
	VOLUME={640},
	PAGES={79--107},
	YEAR=2009
	}

	@article{craig5,
	AUTHOR={W. Craig and D. Nicholls},
	TITLE={Travelling two and three-dimensional capillary gravity water waves},
	JOURNAL={SIAM J. Math. Anal.},
	VOLUME={32},
	PAGES={323--359},
	YEAR=2000
	}


@article{fornberg,
AUTHOR={B. Fornberg and T.A. Driscoll},
TITLE={A Fast Spectral Algorithm for Nonlinear Wave Equations with Linear Dispersion},
JOURNAL={J. Comp. Phys.},
VOLUME={155},
PAGES={456--467},
YEAR=1999
}

@article{guyenne,
AUTHOR={P. Guyenne and D.P. Nicholls},
TITLE={A high-order spectral method for nonlinear water waves over moving bottom topography},
JOURNAL={SIAM J. Sci. Comput.},
VOLUME={30},
PAGES={81--101},
YEAR=2007
}

@article{haut,
	AUTHOR={T.S. Haut and M.J. Ablowitz},
	TITLE={A reformulation and applications of interfacial fluids with a free surface},
	JOURNAL={J. Fluid Mech.},
	VOLUME={631},
	PAGES={375--396},
	YEAR=2009
	}

@book{lamb,
AUTHOR={H. Lamb},
TITLE={Hydrodynamics},
PUBLISHER={Dover},
ADDRESS={New York, N.Y.},
YEAR=1945
}

@article{yue,
	AUTHOR={D.G. Dommermuth and D.K.P. Yue},
	TITLE={A high-order spectral method for the study of nonlinear gravity waves},
	JOURNAL={J. Fluid Mech.},
	VOLUME={184},
	PAGES={267--288},
	YEAR=1987
	}

@article{zakharov,
	AUTHOR={V.E. Zakharov},
	TITLE={Stability of periodic waves of finite amplitude on the surface of a deep fluid},
	JOURNAL = {Zhurnal Prikladnoi Mechaniki i Teckhnicheskoi Fiziki},
	VOLUME={8},
	PAGES={86--94},
	YEAR=1968
	}

%%%%%%%%%%%%%%%%%%%%%%%%%%%%%%%%%%%%%%%%%%%%%%%%%%%%%%%%%%%%%%%%%%%%%
% Data Assimilation
%%%%%%%%%%%%%%%%%%%%%%%%%%%%%%%%%%%%%%%%%%%%%%%%%%%%%%%%%%%%%%%%%%%%%
@article{apte,
AUTHOR={A. Apte and C.K.R.T. Jones and A.M. Stuart},
TITLE={A {B}ayesian approach to {L}agrangian data assimilation},
JOURNAL={Tellus},
VOLUME={60},
PAGES={336--347},
YEAR=2008
}

@article{evensen,
AUTHOR={G. Evensen},
TITLE={The ensemble {K}alman filter: theoretical formulation and practical implementation},
JOURNAL={Ocean Dynamics},
VOLUME={53},
PAGES={343--367},
YEAR=2003
}

@article{jones1,
AUTHOR={L. Kuznetsov and K. Ide and C.K.R.T. Jones},
TITLE={A method for assimilation of {L}agrangian data},
JOURNAL={Mon. Wea. Rev.},
VOLUME={131},
PAGES={2247--2260},
YEAR=2003
}

@article{jones2,
AUTHOR={H. Salman and L. Kuznetsov and C.K.R.T. Jones},
TITLE={A method for assimilating {L}agrangian data into a shallow-water-equation ocean model},
JOURNAL={Mon. Wea. Rev.},
VOLUME={134},
PAGES={1081--1101},
YEAR=2006
}

@book{kalnay,
AUTHOR={E. Kalnay},
TITLE={Atmospheric modeling, data assimilation, and predictability},
PUBLISHER={Cambridge University Press},
ADDRESS={Cambridge},
YEAR=2003
}

@article{spiller1,
AUTHOR={L. Slivinski and E. Spiller and A. Apte and B. Sandstede},
TITLE={A hybrid particle-ensemble {K}alman filter for {L}agrangian data assimilation},
JOURNAL={Mon. Wea. Rev.},
VOLUME={143},
PAGES={195--211},
YEAR=2015
}

@article{spiller2,
AUTHOR={E.T. Spiller and A. Apte and C.K.R.T. Jones},
TITLE={Assimiliating en-route {L}agrangian obersvations},
JOURNAL={Tellus},
VOLUME={65},
PAGES={20319},
YEAR=2013
}

%%%%%%%%%%%%%%%%%%%%%%%%%%%%%%%%%%%%%%%%%%%%%%%%%%%%%%%%%%%%%%%%%%%%%
% Our Work
%%%%%%%%%%%%%%%%%%%%%%%%%%%%%%%%%%%%%%%%%%%%%%%%%%%%%%%%%%%%%%%%%%%%%

	@article{curtis,
	AUTHOR={C.W. Curtis and S.S.P. Shen},
	TITLE={Three-dimensional surface water waves governed by the forced {B}enney--{L}uke equation},
	JOURNAL={Stud. Appl. Math.},
	VOLUME={135},
	PAGES={447--465},
	YEAR=2015
	}

	@article{curtis2,
	AUTHOR={C.W. Curtis and B. Deconinck},
	TITLE={On the convergence of {H}ill's method},
	JOURNAL={Math. Comp.},
	VOLUME={79},
	PAGES={169--187},
	YEAR=2010
	}

	@article{curtis3,
	AUTHOR={C.W. Curtis and K.L. Oliveras and T. Morrison},
	TITLE={Shallow waves in density stratified shear currents},
	JOURNAL={Eur. J. Mech. B-Fluid},
	VOLUME={61},
	PAGES={100--111},
	YEAR=2017
	}

	@article{curtis4,
	AUTHOR={M. Chen and C.W. Curtis and B. Deconinck and C.W. Lee and N.V. Nguyen},
	TITLE={Spectral stability of stationary solutions of a {B}oussinesq system describing long waves in dispersive media},
	JOURNAL={SIAM J. App. Dyn. Sys.},
	VOLUME={9},
	PAGES={999--1018},
	YEAR=2010
	}

	@article{curtis5,
	AUTHOR={M.J. Ablowitz and C.W. Curtis},
	TITLE={On the evolution of perturbations to solutions of the {K}adomtsev--{P}etviashvilli equation using the {B}enney--{L}uke equation},
	JOURNAL={J. Phys. A},
	VOLUME={44},
	PAGES={195202},
	YEAR=2011
	}

	@article{curtis6,
	AUTHOR={C.W. Curtis and H. Kalisch},
	TITLE={Vortex Dynamics in Nonlinear Free Surface Flows},
	JOURNAL={Physics of Fluids},
	VOLUME={29},
	PAGES={032101},
	YEAR=2017
	}

	@article{curtis7,
	AUTHOR={M.J. Ablowitz and C.W. Curtis},
	TITLE={Conservation laws and web-solutions for the {B}enney--{L}uke equation},
	JOURNAL={Proc. Roy. Soc. A},
	VOLUME={2151},
	PAGES={20120690},
	YEAR=2013
	}

	@article{oliveras,
	AUTHOR={B. Deconinck and K. Oliveras},
	TITLE={The instability of periodic surface gravity waves},
	JOURNAL={J. Fluid Mech.},
	VOLUME={675},
	PAGES={141--167},
	YEAR=2011
	}

	@article{oliveras2,
	AUTHOR={K. L. Oliveras and V. Vasan and B. Deconinck and D. Henderson},
	TITLE={Recovering the water-wave profile from pressure data},
	JOURNAL={SIAM J. Appl. Math.},
	VOLUME={72},
	PAGES={897--918},
	YEAR=2012
	}

	@article{oliverasvasan,
	AUTHOR={K.L. Oliveras and V. Vasan},
	TITLE={A new equation describing travelling water waves},
	JOURNAL={J. Fluid Mech.},
	VOLUME={717},
	PAGES={514--522},
	YEAR=2013
	}

	@article{trichtchenko,
	AUTHOR={B. Deconinck and O. Trichtchenko},
	TITLE={High-frequency instabilities of small-amplitude solutions of {H}amiltonian {PDE}s},
	JOURNAL={DCDS-B},
	VOLUME={to appear},
	YEAR=2016
	}

	@inproceedings{wilkening,
	AUTHOR={J. Wilkening and V. Vasan},
	TITLE={Comparison of five methods of computing the {D}irichlet--{N}eumann operator for the water wave problem},
	BOOKTITLE={Nonlinear Wave Equations: Analytic and Computational Techniques},
	PUBLISHER={AMS},
	YEAR=2015
	}

	@article{vasan,
	AUTHOR={V. Vasan and B. Deconinck},
	TITLE={The inverse water wave problem of bathymetry detection},
	JOURNAL={J. Fluid Mech.},
	VOLUME={714},
	PAGES={562--590},
	YEAR=2013
	}

	@article{ovEliminateC,
  		title={Relationships between the pressure and the free surface independent of the wave-speed.},
  		author={Oliveras, Katie and Vasan, Vishal},
  		journal={Nonlinear Wave Equations},
  		volume={635},
  		pages={157},
  		year={2015},
  		publisher={American Mathematical Soc.}
	}
